<record><leader>00000cas a22000007a 4500</leader><controlfield tag="001">15466702</controlfield><controlfield tag="008">870331d18881962inuwr ne      0    0eng d</controlfield><datafield ind1=" " ind2=" " tag="010"><subfield code="a">sn 87055823 </subfield></datafield><datafield ind1=" " ind2=" " tag="040"><subfield code="a">NPI</subfield><subfield code="b">eng</subfield><subfield code="c">NPI</subfield><subfield code="d">OCLCQ</subfield></datafield><datafield ind1=" " ind2=" " tag="042"><subfield code="a">msc</subfield></datafield><datafield ind1="0" ind2="4" tag="245"><subfield code="a">The Milford mail.</subfield></datafield><datafield ind1=" " ind2=" " tag="260"><subfield code="a">Milford, Kosciusko County, Ind. :</subfield><subfield code="b">Harry M. Williams,</subfield><subfield code="c">1888-1962.</subfield></datafield><datafield ind1=" " ind2=" " tag="310"><subfield code="a">Weekly</subfield></datafield><datafield ind1="0" ind2=" " tag="362"><subfield code="a">Vol. 1, no. 1 (Dec. 27, 1888)-73rd year, no. 6 (Feb. 8, 1962).</subfield></datafield><datafield ind1=" " ind2=" " tag="752"><subfield code="a">United States</subfield><subfield code="b">Indiana</subfield><subfield code="c">Kosciusko</subfield><subfield code="d">Milford.</subfield></datafield><datafield ind1="0" ind2="5" tag="780"><subfield code="t">Elkhart County observer</subfield><subfield code="w">(DLC)sn 87056017</subfield></datafield><datafield ind1="0" ind2="7" tag="785"><subfield code="t">Syracuse-Wawasee journal</subfield><subfield code="w">(DLC)sn 87055829</subfield></datafield><datafield ind1="0" ind2="7" tag="785"><subfield code="t">Mail-journal</subfield><subfield code="w">(DLC)sn 87055824</subfield></datafield></record>